<?xml version='1.0' encoding='UTF-8'?>
<record xmlns="http://www.loc.gov/MARC21/slim">
  <leader>01396cam a22003015  4500</leader>
  <controlfield tag="001">2750566</controlfield>
  <controlfield tag="003">NjP</controlfield>
  <controlfield tag="005">20171010171954.0</controlfield>
  <controlfield tag="008">870122m19559999ua bh    b    000 0 ara  </controlfield>
  <datafield tag="024" ind1="7" ind2=" ">
    <subfield code="a">princeton_aco002321</subfield>
    <subfield code="2">local</subfield>
  </datafield>
  <datafield ind1=" " ind2=" " tag="010">
    <subfield code="a">ne 65002045  </subfield>
  </datafield>
  <datafield ind1=" " ind2=" " tag="035">
    <subfield code="a">(OCoLC)ocm15101288</subfield>
  </datafield>
  <datafield ind1=" " ind2=" " tag="035">
    <subfield code="9">CNE2680TS</subfield>
  </datafield>
  <datafield ind1=" " ind2=" " tag="040">
    <subfield code="a">DLC</subfield>
    <subfield code="c">LRU</subfield>
    <subfield code="d">LRU</subfield>
    <subfield code="d">PUL</subfield>
  </datafield>
  <datafield ind1=" " ind2=" " tag="050">
    <subfield code="a">DS247.M88</subfield>
    <subfield code="b">S29</subfield>
  </datafield>
  <datafield ind1="1" ind2=" " tag="110">
    <subfield code="a">Saudi Arabia.</subfield>
    <subfield code="0">http://id.loc.gov/authorities/names/n80131611</subfield>
  </datafield>
  <datafield ind1="1" ind2="3" tag="245">
    <subfield code="a">al-Taḥkīm li-taswiyat al-nizāʻ al-iqlīmī bayna Masqaṭ wa-Abū Ẓabī wa-bayna al-Mamlakah al-ʻArabīyah al-Saʻūdīyah,</subfield>
    <subfield code="b">ʻarḍ Ḥukūmat al-Mamlakah al-ʻArabīyah al-Saʻūdīyah.</subfield>
  </datafield>
  <datafield ind1=" " ind2=" " tag="260">
    <subfield code="a">[al-Qāhirah,</subfield>
    <subfield code="b">Dār al-Maʻārif]</subfield>
    <subfield code="c">1955-</subfield>
  </datafield>
  <datafield ind1=" " ind2=" " tag="300">
    <subfield code="a">v.</subfield>
    <subfield code="b">facsims., maps.</subfield>
    <subfield code="c">27 cm.</subfield>
  </datafield>
  <datafield ind1=" " ind2=" " tag="500">
    <subfield code="a">Vol. 2 includes 3 maps in pocket.</subfield>
  </datafield>
  <datafield ind1=" " ind2=" " tag="504">
    <subfield code="a">Includes bibliographical references.</subfield>
  </datafield>
  <datafield ind1=" " ind2=" " tag="500">
    <subfield code="a">Issued also in English with title: Memorial of the government of Saudi Arabia ...</subfield>
  </datafield>
  <datafield ind1=" " ind2="0" tag="651">
    <subfield code="a">Saudi Arabia</subfield>
    <subfield code="x">Boundaries</subfield>
    <subfield code="z">Oman.</subfield>
  </datafield>
  <datafield ind1=" " ind2="0" tag="651">
    <subfield code="a">Oman</subfield>
    <subfield code="x">Boundaries</subfield>
    <subfield code="z">Saudi Arabia.</subfield>
  </datafield>
  <datafield ind1=" " ind2="0" tag="651">
    <subfield code="a">Abū Ẓaby (United Arab Emirates : Emirate)</subfield>
    <subfield code="x">Boundaries</subfield>
    <subfield code="z">Saudi Arabia.</subfield>
  </datafield>
  <datafield ind1=" " ind2="0" tag="651">
    <subfield code="a">Saudi Arabia</subfield>
    <subfield code="x">Boundaries</subfield>
    <subfield code="z">United Arab Emirates</subfield>
    <subfield code="z">Abū Ẓaby (Emirate)</subfield>
  </datafield>
  <datafield ind1="0" ind2=" " tag="740">
    <subfield code="a">ʻArḍ Ḥukūmat al-Mamlakah al-ʻArabīyah al-Saʻūdīyah.</subfield>
  </datafield>
  <datafield ind1=" " ind2=" " tag="945">
    <subfield code="a">F</subfield>
    <subfield code="b">1</subfield>
    <subfield code="c">2274.8573.389</subfield>
    <subfield code="e">v.1-3</subfield>
  </datafield>
  <datafield ind1=" " ind2=" " tag="911">
    <subfield code="a">20000130</subfield>
  </datafield>
  <datafield ind1="0" ind2="1" tag="852">
    <subfield code="0">3061282</subfield>
    <subfield code="b">nec</subfield>
    <subfield code="t">1</subfield>
    <subfield code="h">DS247.M88</subfield>
    <subfield code="i">S29 1955</subfield>
  </datafield>
  <datafield ind1=" " ind2="0" tag="866">
    <subfield code="0">3061282</subfield>
    <subfield code="8">0</subfield>
    <subfield code="a">v.1-3</subfield>
  </datafield>
  <datafield ind1=" " ind2=" " tag="959">
    <subfield code="a">2009-07-07 11:52:46 -0400</subfield>
  </datafield>
</record>
